%YAML 1.1
%TAG !u! tag:unity3d.com,2011:
--- !u!114 &1866140086918346807
MonoBehaviour:
  m_ObjectHideFlags: 0
  m_CorrespondingSourceObject: {fileID: 0}
  m_PrefabInstance: {fileID: 0}
  m_PrefabAsset: {fileID: 0}
  m_GameObject: {fileID: 8100155448338456616}
  m_Enabled: 1
  m_EditorHideFlags: 0
  m_Script: {fileID: -226763392, guid: 06dd3d5416bf43ea368cc39ff96e6d5a, type: 3}
  m_Name: 
  m_EditorClassIdentifier: 
  transformPairs: []
--- !u!114 &6264336282946575010
MonoBehaviour:
  m_ObjectHideFlags: 0
  m_CorrespondingSourceObject: {fileID: 0}
  m_PrefabInstance: {fileID: 0}
  m_PrefabAsset: {fileID: 0}
  m_GameObject: {fileID: 8100155448338456616}
  m_Enabled: 1
  m_EditorHideFlags: 0
  m_Script: {fileID: 1143142494, guid: 06dd3d5416bf43ea368cc39ff96e6d5a, type: 3}
  m_Name: 
  m_EditorClassIdentifier: 
  body: {fileID: 0}
  itemDisplayRuleSet: {fileID: 11400000, guid: cbcbff38636b4b642bc842cfd315c229, type: 2}
  autoPopulateLightInfos: 1
  baseRendererInfos:
  - renderer: {fileID: 3966280170572452473}
    defaultMaterial: {fileID: 2100000, guid: a625941a3ca140642abbd9f01062d287, type: 2}
    defaultShadowCastingMode: 0
    ignoreOverlays: 0
  baseLightInfos: []
--- !u!1 &8159163067640734169
GameObject:
  m_ObjectHideFlags: 0
  m_CorrespondingSourceObject: {fileID: 0}
  m_PrefabInstance: {fileID: 0}
  m_PrefabAsset: {fileID: 0}
  serializedVersion: 6
  m_Component:
  - component: {fileID: 3549009676498925875}
  m_Layer: 0
  m_Name: InvestorDisplay
  m_TagString: Player
  m_Icon: {fileID: 0}
  m_NavMeshLayer: 0
  m_StaticEditorFlags: 0
  m_IsActive: 1
--- !u!4 &3549009676498925875
Transform:
  m_ObjectHideFlags: 0
  m_CorrespondingSourceObject: {fileID: 0}
  m_PrefabInstance: {fileID: 0}
  m_PrefabAsset: {fileID: 0}
  m_GameObject: {fileID: 8159163067640734169}
  m_LocalRotation: {x: 0, y: 0, z: 0, w: 1}
  m_LocalPosition: {x: 0, y: 0, z: 0}
  m_LocalScale: {x: 1, y: 1, z: 1}
  m_Children:
  - {fileID: 8100155448338889736}
  m_Father: {fileID: 0}
  m_RootOrder: 0
  m_LocalEulerAnglesHint: {x: 0, y: 0, z: 0}
--- !u!1001 &8100155448338491016
PrefabInstance:
  m_ObjectHideFlags: 0
  serializedVersion: 2
  m_Modification:
    m_TransformParent: {fileID: 3549009676498925875}
    m_Modifications:
    - target: {fileID: 2527121160369953338, guid: 94286d5d70a0ba645aa8f55c93a54334,
        type: 3}
      propertyPath: m_LocalPosition.x
      value: -0.169
      objectReference: {fileID: 0}
    - target: {fileID: 2527121160369953338, guid: 94286d5d70a0ba645aa8f55c93a54334,
        type: 3}
      propertyPath: m_LocalPosition.y
      value: 0.036
      objectReference: {fileID: 0}
    - target: {fileID: 2527121160369953338, guid: 94286d5d70a0ba645aa8f55c93a54334,
        type: 3}
      propertyPath: m_LocalPosition.z
      value: 0.042
      objectReference: {fileID: 0}
    - target: {fileID: 2527121160369953338, guid: 94286d5d70a0ba645aa8f55c93a54334,
        type: 3}
      propertyPath: m_LocalRotation.x
      value: -0
      objectReference: {fileID: 0}
    - target: {fileID: 2527121160369953338, guid: 94286d5d70a0ba645aa8f55c93a54334,
        type: 3}
      propertyPath: m_LocalRotation.y
      value: -0
      objectReference: {fileID: 0}
    - target: {fileID: 2527121160369953338, guid: 94286d5d70a0ba645aa8f55c93a54334,
        type: 3}
      propertyPath: m_LocalRotation.z
      value: -0
      objectReference: {fileID: 0}
    - target: {fileID: 2527121160369953338, guid: 94286d5d70a0ba645aa8f55c93a54334,
        type: 3}
      propertyPath: m_LocalRotation.w
      value: 1
      objectReference: {fileID: 0}
    - target: {fileID: 2527121160369953338, guid: 94286d5d70a0ba645aa8f55c93a54334,
        type: 3}
      propertyPath: m_RootOrder
      value: 0
      objectReference: {fileID: 0}
    - target: {fileID: 2527121160369953338, guid: 94286d5d70a0ba645aa8f55c93a54334,
        type: 3}
      propertyPath: m_LocalEulerAnglesHint.x
      value: 0
      objectReference: {fileID: 0}
    - target: {fileID: 2527121160369953338, guid: 94286d5d70a0ba645aa8f55c93a54334,
        type: 3}
      propertyPath: m_LocalEulerAnglesHint.y
      value: 0
      objectReference: {fileID: 0}
    - target: {fileID: 2527121160369953338, guid: 94286d5d70a0ba645aa8f55c93a54334,
        type: 3}
      propertyPath: m_LocalEulerAnglesHint.z
      value: 0
      objectReference: {fileID: 0}
    - target: {fileID: 2527121160370309082, guid: 94286d5d70a0ba645aa8f55c93a54334,
        type: 3}
      propertyPath: m_Name
      value: mdlInvestor
      objectReference: {fileID: 0}
    m_RemovedComponents: []
  m_SourcePrefab: {fileID: 100100000, guid: 94286d5d70a0ba645aa8f55c93a54334, type: 3}
--- !u!1 &8100155448338456616 stripped
GameObject:
  m_CorrespondingSourceObject: {fileID: 100000, guid: 94286d5d70a0ba645aa8f55c93a54334,
    type: 3}
  m_PrefabInstance: {fileID: 8100155448338491016}
  m_PrefabAsset: {fileID: 0}
--- !u!4 &8100155448338889736 stripped
Transform:
  m_CorrespondingSourceObject: {fileID: 400000, guid: 94286d5d70a0ba645aa8f55c93a54334,
    type: 3}
  m_PrefabInstance: {fileID: 8100155448338491016}
  m_PrefabAsset: {fileID: 0}
--- !u!137 &3966280170572452473 stripped
SkinnedMeshRenderer:
  m_CorrespondingSourceObject: {fileID: 5143821865299260657, guid: 94286d5d70a0ba645aa8f55c93a54334,
    type: 3}
  m_PrefabInstance: {fileID: 8100155448338491016}
  m_PrefabAsset: {fileID: 0}
